<record><leader>00000cas a22000007a 4500</leader><controlfield tag="001">8633428</controlfield><controlfield tag="008">820726c19829999wiuwr ne      0   a0eng d</controlfield><controlfield tag="009">631</controlfield><datafield ind1=" " ind2=" " tag="010"><subfield code="a">sn 84006023 </subfield></datafield><datafield ind1=" " ind2=" " tag="040"><subfield code="a">GZM</subfield><subfield code="b">eng</subfield><subfield code="c">GZM</subfield><subfield code="d">NSD</subfield><subfield code="d">NPV</subfield><subfield code="d">OCLCQ</subfield></datafield><datafield ind1=" " ind2=" " tag="012"><subfield code="l">1</subfield></datafield><datafield ind1="1" ind2=" " tag="022"><subfield code="a">0742-4566</subfield><subfield code="l">0742-4566</subfield><subfield code="2">1</subfield></datafield><datafield ind1="1" ind2=" " tag="029"><subfield code="a">AU@</subfield><subfield code="b">000025794914</subfield></datafield><datafield ind1=" " ind2=" " tag="042"><subfield code="a">nsdp</subfield></datafield><datafield ind1=" " ind2=" " tag="045"><subfield code="a">x8--</subfield></datafield><datafield ind1=" " ind2=" " tag="052"><subfield code="a">4123</subfield><subfield code="b">B7</subfield></datafield><datafield ind1=" " ind2="4" tag="222"><subfield code="a">The country chronicle</subfield></datafield><datafield ind1="0" ind2="4" tag="245"><subfield code="a">The country chronicle.</subfield></datafield><datafield ind1=" " ind2=" " tag="260"><subfield code="a">Denmark, Wis. :</subfield><subfield code="b">Metropolitan Newspaper Corporation,</subfield><subfield code="c">1982-</subfield></datafield><datafield ind1=" " ind2=" " tag="300"><subfield code="a">v. :</subfield><subfield code="b">ill.</subfield></datafield><datafield ind1=" " ind2=" " tag="310"><subfield code="a">Weekly</subfield></datafield><datafield ind1="0" ind2=" " tag="362"><subfield code="a">Vol. 44, no. 3 (Apr. 14, 1982)-</subfield></datafield><datafield ind1=" " ind2=" " tag="500"><subfield code="a">"Northeastern Wisconsin's farm newspaper."</subfield></datafield><datafield ind1=" " ind2=" " tag="500"><subfield code="a">"Incorporating the Farmer's friend and rural reporter."</subfield></datafield><datafield ind1=" " ind2=" " tag="525"><subfield code="a">Supplements accompany some issues.</subfield></datafield><datafield ind1=" " ind2=" " tag="530"><subfield code="a">Available on microfilm from The State Historical Society of Wisconsin.</subfield></datafield><datafield ind1=" " ind2=" " tag="500"><subfield code="a">Editor: M.J. Sibilsky, April 14, 1982-</subfield></datafield><datafield ind1=" " ind2=" " tag="752"><subfield code="a">United States</subfield><subfield code="b">Wisconsin</subfield><subfield code="c">Brown</subfield><subfield code="d">Denmark.</subfield></datafield><datafield ind1="0" ind2="0" tag="780"><subfield code="t">New farmer's friend and rural reporter</subfield></datafield></record>